@misc{bubblesort2019,
	title = {Bubble sort},
	howpublished = {\url{https://en.wikipedia.org/wiki/Bubble\_sort}},
	note = {Accessed: 2019-01-15}
}